<record><leader>00000cas a22000007a 4500</leader><controlfield tag="001">19928619</controlfield><controlfield tag="008">890626d19681969gauwr ne      0    0eng d</controlfield><datafield ind1=" " ind2=" " tag="010"><subfield code="a">sn 89053191 </subfield></datafield><datafield ind1=" " ind2=" " tag="040"><subfield code="a">NLG</subfield><subfield code="b">eng</subfield><subfield code="c">NLG</subfield><subfield code="d">GUA</subfield><subfield code="d">OCLCQ</subfield><subfield code="d">OCLCF</subfield><subfield code="d">OCLCO</subfield></datafield><datafield ind1="1" ind2=" " tag="029"><subfield code="a">AU@</subfield><subfield code="b">000040880096</subfield></datafield><datafield ind1=" " ind2=" " tag="042"><subfield code="a">msc</subfield></datafield><datafield ind1=" " ind2=" " tag="043"><subfield code="a">n-us-ga</subfield></datafield><datafield ind1="0" ind2="4" tag="245"><subfield code="a">The Manchester star and the Manchester mercury.</subfield></datafield><datafield ind1=" " ind2=" " tag="260"><subfield code="a">Manchester, Ga. :</subfield><subfield code="b">[Rice and Carroll Pub. Co.],</subfield><subfield code="c">1968-1969.</subfield></datafield><datafield ind1=" " ind2=" " tag="300"><subfield code="a">v.</subfield></datafield><datafield ind1=" " ind2=" " tag="310"><subfield code="a">Weekly</subfield></datafield><datafield ind1="0" ind2=" " tag="362"><subfield code="a">Vol. 5, no. 26 (Aug. 1, 1968)-v. 5, no. 52 (Feb. 6, 1969).</subfield></datafield><datafield ind1=" " ind2=" " tag="515"><subfield code="a">Vol. for Aug. 1, 1968-Feb. 6, 1969 called also v. 58.</subfield></datafield><datafield ind1=" " ind2=" " tag="530"><subfield code="a">Also on microfilm: Athens, Ga. : University of Georgia Libraries.</subfield></datafield><datafield ind1=" " ind2=" " tag="580"><subfield code="a">Formed by the union of: Manchester star, and: Manchester mercury (Manchester, Ga.).</subfield></datafield><datafield ind1=" " ind2="0" tag="651"><subfield code="a">Manchester (Ga.)</subfield><subfield code="v">Newspapers.</subfield></datafield><datafield ind1=" " ind2="0" tag="651"><subfield code="a">Meriwether County (Ga.)</subfield><subfield code="v">Newspapers.</subfield></datafield><datafield ind1=" " ind2="7" tag="655"><subfield code="a">Newspapers.</subfield><subfield code="2">fast</subfield><subfield code="0">(OCoLC)fst01423814</subfield></datafield><datafield ind1=" " ind2="7" tag="651"><subfield code="a">Georgia</subfield><subfield code="z">Manchester.</subfield><subfield code="2">fast</subfield><subfield code="0">(OCoLC)fst01217549</subfield></datafield><datafield ind1=" " ind2="7" tag="651"><subfield code="a">Georgia</subfield><subfield code="z">Meriwether County.</subfield><subfield code="2">fast</subfield><subfield code="0">(OCoLC)fst01215491</subfield></datafield><datafield ind1=" " ind2=" " tag="752"><subfield code="a">United States</subfield><subfield code="b">Georgia</subfield><subfield code="c">Meriwether</subfield><subfield code="d">Manchester.</subfield></datafield><datafield ind1="1" ind2="4" tag="780"><subfield code="t">Manchester star</subfield><subfield code="w">(DLC)sn 89053189</subfield><subfield code="w">(OCoLC)19928435</subfield></datafield><datafield ind1="1" ind2="4" tag="780"><subfield code="t">Manchester mercury (Manchester, Ga.)</subfield><subfield code="w">(DLC)sn 89053190</subfield><subfield code="w">(OCoLC)19928559</subfield></datafield><datafield ind1="0" ind2="0" tag="785"><subfield code="t">Manchester star-mercury (1969)</subfield><subfield code="w">(DLC)sn 89053192</subfield><subfield code="w">(OCoLC)19933189</subfield></datafield></record>